@article {Darji1993,
    AUTHOR = {Darji, Udayan B.},
     TITLE = {Uniformly completely {R}amsey sets},
   JOURNAL = {Colloq. Math.},
  FJOURNAL = {Colloquium Mathematicum},
    VOLUME = {64},
      YEAR = {1993},
    NUMBER = {2},
     PAGES = {163--171}
%      ISSN = {0010-1354,1730-6302},
%   MRCLASS = {04A20 (28A05 54H05)},
%  MRNUMBER = {1218480},
%MRREVIEWER = {Janusz\ Pawlikowski},
%       DOI = {10.4064/cm-64-2-163-171},
%       URL = {https://doi.org/10.4064/cm-64-2-163-171}
}
@article {GalvinPrikry1973,
    author = {Galvin F. and Prikry K.},
     title = {Borel sets and Ramsey's theorem},
   journal = {J.Symbolic Logic},
  fjournal = {Journal of Symbolic Logic},
    volume = {38},
      year = {1973},
     pages = {193--198}
}
@article {Nowik2002Possibly,
    AUTHOR = {Nowik, Andrzej},
     TITLE = {Possibly there is no uniformly completely {R}amsey null set of
              size {$2^\omega$}},
   JOURNAL = {Colloq. Math.},
  FJOURNAL = {Colloquium Mathematicum},
    VOLUME = {93},
      YEAR = {2002},
    NUMBER = {2},
     PAGES = {251--258}
%      ISSN = {0010-1354,1730-6302},
%   MRCLASS = {03E05 (03E15 28A05 28E15)},
%  MRNUMBER = {1930802},
%MRREVIEWER = {K.\ P. S. Bhaskara Rao},
%       DOI = {10.4064/cm93-2-4},
%       URL = {https://doi.org/10.4064/cm93-2-4}
}
@article {Nowik2002OnBorel,
    AUTHOR = {Nowik, Andrzej},
     TITLE = {On {B}orel version of uniformly completely {R}amsey sets},
   JOURNAL = {Bull. Polish Acad. Sci. Math.},
  FJOURNAL = {Polish Academy of Sciences. Bulletin. Mathematics},
    VOLUME = {50},
      YEAR = {2002},
    NUMBER = {1},
     PAGES = {59--68}
%      ISSN = {0239-7269},
%   MRCLASS = {03E15 (28E15)},
%  MRNUMBER = {1899023},
%MRREVIEWER = {Gabriel\ Debs}
}
@article {Nowik1999,
    AUTHOR = {Nowik, Andrzej},
     TITLE = {Additive properties and uniformly completely {R}amsey sets},
   JOURNAL = {Colloq. Math.},
  FJOURNAL = {Colloquium Mathematicum},
    VOLUME = {82},
      YEAR = {1999},
    NUMBER = {2},
     PAGES = {191--199}
%      ISSN = {0010-1354,1730-6302},
%   MRCLASS = {03E05},
%  MRNUMBER = {1735477},
%       DOI = {10.4064/cm-82-2-191-199},
%       URL = {https://doi.org/10.4064/cm-82-2-191-199}
}
@article {Nowik2006,
    AUTHOR = {Nowik, Andrzej},
     TITLE = {On combinatorial properties of {B}orel generated
              {$\sigma$}-ideals related to the property ({P})},
   JOURNAL = {Tatra Mt. Math. Publ.},
  FJOURNAL = {Tatra Mountains Mathematical Publications},
    VOLUME = {34},
      YEAR = {2006},
     PAGES = {49--60}
%      ISSN = {1210-3195,1338-9750},
%   MRCLASS = {03E15 (03E20 28A05 54H05)},
%  MRNUMBER = {2287240},
%MRREVIEWER = {Tam\'as\ M\'atrai},
}
@book{Kechris2012Classical,
  title={Classical Descriptive Set Theory},
  author={Kechris, A.},
  isbn={9781461241904},
  lccn={94030471},
  series={Graduate Texts in Mathematics},
%  url={https://books.google.pl/books?id=WR3SBwAAQBAJ},
  year={2012},
  publisher={Springer New York}
}
@article {BalcerzakHejduk19881989,
    author = {Balcerzak, M. and Hejduk, J. and Baumgartner, J. E.},
     title = {On certain {$\sigma$}-ideals of sets},
   journal = {Real Anal. Exchange},
  fjournal = {Real Analysis Exchange},
    volume = {14},
      date = {1988/1989},
    number = {2},
     pages = {447--453}
%      ISSN = {0147-1937},
%   MRCLASS = {28A05},
%  MRNUMBER = {995985}
}
@article{Balcerzak1989,
  author = {Balcerzak M.},
  title = {On {$\sigma$}-ideals having perfect members in all perfect sets},
  journal = {Demonstratio Math.},
  fjournal = {Demonstratio Mathematica},
  date = {1989},
  number = {22}, 
  pages={1159--1168}
}  
@phdthesis{Balcerzak1991,
  author  = {Balcerzak M.},
  title   = {Some properties of ideals of sets in Polish spaces},
  school  = {Acta Univ. \L{}\'{o}d\'{z}},
  address = {\L{}\'{o}d\'{z}},
  year    = {1991}
}
@article{BalcerzakPlewik1996,
  author = {Balcerzak M. and Sz. Plewik},
  title = {Property (P) and game ideals},
  journal = {Tatra Mt. Math. Publ.},
  fjournal = {Tatra Mountains Mathematical Publications},
  date = {1996},
  number = {8}, 
  pages={153--158}
}  
@article{Pawlikowski1990,
  title = {Parametrized Ellentuck theorem},
  journal = {Topology and its Applications},
  volume = {37},
  number = {1},
  pages = {65-73},
  year = {1990},
%  issn = {0166-8641},
%  doi = {https://doi.org/10.1016/0166-8641(90)90015-T},
%  url = {https://www.sciencedirect.com/science/article/pii/016686419090015T},
  author = {Janusz Pawlikowski}
}
@article{Bartoszynski1987,
  author = {Bartoszy\'{n}ski, Tomek},
  journal = {Fundamenta Mathematicae},
%  keywords = {sets of L-measure zero; Baire category theorem; Baire space; Cantor set; meager sets},
%  language = {eng},
  number = {3},
  pages = {225-239},
  title = {Combinatorial aspects of measure and category},
% url = {http://eudml.org/doc/211621},
  volume = {127},
  year = {1987},
}
@article{Szpilrajn1935,
  author = {Szpilrajn, Edward},
  journal = {Fundamenta Mathematicae},
%  keywords = {set theory, real functions},
%  language = {fre},
  number = {1},
  pages = {17-34},
  title = {Sur une classe de fonctions de M. Sierpi\'{n}ski et la classe correspondante d'ensembles},
%  url = {http://eudml.org/doc/212766},
  volume = {24},
  year = {1935}
}
@misc{Miller1996,
  title = {Inﬁnite Ramsey theory},
  author = "{A. W. Miller}",
  howpublished = "\url{http://www.math.wisc.edu/~miller/old/m873-00/ramsey.pdf}",
  year = 1996,
  note = {lecture notes for Math 873}
}
@article{Silver1970,
  author = {Silver, J.}, 
  title = {Every analytic set is Ramsey},
  journal = {J.Symbolic Logic},  
  fjournal = {Journal of Symbolic Logic},
  volume = {35},
  year = {1970}, 
  pages = {60--64}
}
@article{Ellentuck1974, 
  author = {Ellentuck, E.},
  title = {A new proof that analytic sets are Ramsey}, 
  journal = {J. Symbolic Logic}, 
  fjournal = {Journal of Symbolic Logic},  
  volume = {39},
  year = {1974},
  pages = {163--165}
}  
%%%%%%%%%%%%%%%%%%%%%%%%%%%%%%%%%%%%%%%%%%%%%%%%%%%%%%%%%%%%%%%%%%%%%%%%%%%%%
%%% to literatura dla kursu deskryptywnej of prof. P. Zakrzewskiego:
%1. A. S. Kechris, Classical descriptive set theory, Graduate Texts in Math.
%156, Springer-Verlag, 1995.
%2. S. M. Srivastava, A course on Borel sets, Graduate Texts in Math. 180,
%Springer-Verlag, 1998.
%3. A. W. Miller, Inﬁnite Ramsey theory, lecture notes for Math 873, 1996,
%http://www.math.wisc.edu/~miller/old/m873-00/ramsey.pdf.
%4. Ch. Rosendal, The dichotomy Theorems, lecture notes for
%Math 511, 2012, http://homepages.math.uic.edu/~rosendal/WebpagesMathCourses/MATH511-2012.html.
%5. A. Tserunyan, Introduction to descriptive set theory, lecture notes,
%2022, https://www.math.mcgill.ca/atserunyan/Teaching_notes/dst_lectures.pdf.
@article{Reardon1996,
  author = {Reardon, Patrick},
  journal = {Fundamenta Mathematicae},
  number = {3},
  pages = {191-203},
  title = {Ramsey, Lebesgue, and Marczewski sets and the Baire property},
  volume = {149},
  year = {1996}
}
@article{NowikReardon2003,
  author = {Andrzej Nowik and Patrick Reardon},
  title = {A dichotomy theorem for the Ellentuck topology},
  volume = {29},
  journal = {Real Analysis Exchange},
  number = {2},
  pages = {531 -- 543},
  year = {2003}
}
@article{Plewik1987,
  author = {Plewik, Szymon},
  journal = {Fundamenta Mathematicae},
  number = {2},
  pages = {127--132},
  title = {On completely Ramsey sets},
  volume = {127},
  year = {1987}
}